@Book{feedback,
  Title                    = {Feedback Control Systems},
  Author                   = {Charles L. Phillips and John M. Parr},
  Publisher                = {Pearson},
  Year                     = {2011},
  Edition                  = {5},

  Owner                    = {Thomas},
  Timestamp                = {2015.11.16}
}

@Book{image,
	Title                    = {Introduction to Video and Image Processing},
	Author                   = {Thomas B. Moeslund},
	Publisher                = {Springer},
	Year                     = {2012},
	Edition                  = {1},
	
	Owner                    = {Thomas},
	Timestamp                = {2015.11.16}
}

@Book{vision,
	Title                    = {Robotics, Vision and control},
	Author                   = {Peter Corke},
	Publisher                = {Springer},
	Year                     = {2013},
	Edition                  = {2},
	
	Owner                    = {Thomas},
	Timestamp                = {2015.11.16}
}



@Misc{pancakes,
  Title                    = {How ABB robots are helping Honeytop Speciality Foods Ltd improve productivity and hygienic conditions},

  Author                   = {ABB},
  HowPublished             = {\url{http://www.abb.com/cawp/seitp202/7c5255c1e905f83dc12575ef0037acf4.aspx}},
  Note                     = {Mar 2017},
  Year                     = {2017},	
  Owner                    = {Thomas},
  Timestamp                = {2017.03.02}
}

@Article{abb_delta,
  Title                    = {Creating An Optimal High-Speed Robotic Picking Solution},
  Author                   = {Richard Tallian},
  Year                     = {2009},
  HowPublished             = {\url{https://library.e.abb.com/public/d02772b2e8cc14fcc12575bb005c2c06/ABB\%20white\%20paper\%20Rick\%20Tallian\%20High\%20speed\%20picking.pdf}},
  Journal                  = {ABB},
  Owner                    = {thomas},
  Timestamp                = {2015.05.06}
}


@Misc{pancakes_pic,
  Title                    = {Delta Robot for Pick and Place},
  Author                   = {{World Industrial Reporter}},
  HowPublished             = {\url{https://worldindustrialreporter.com/delta-robot-for-pick-place/}},
  Note                     = {Mar 2017},
  Year                     = {2017},
  Owner                    = {Thomas},
  Timestamp                = {2017.03.02}
}


@Misc{cobra,
  Title                    = {Adept Cobra SCARA Robots},
  Author                   = {{Adept}},
  HowPublished             = {\url{http://www.adept.com/products/robots/scara/cobra-s600/downloads}},
  Note                     = {Mar 2017},
  Year                     = {2017},
  Owner                    = {Thomas},
  Timestamp                = {2017.03.02}
}

@Article{mar_sra,
  Title                    = {Multi-Annual Roadmap},
  Author                   = {SPARC},
  Year                     = {2015},
  HowPublished             = {\url{https://www.eu-robotics.net/sparc/upload/about/files/H2020-Robotics-Multi-Annual-Roadmap-ICT-2016.pdf}},
  Journal                  = {Strategic Research Agenda},
  Owner                    = {thomas},
  Timestamp                = {2017.03.15}
}

